%@book{ abelson-et-al:scheme,
%  author = "Harold Abelson and Gerald~Jay Sussman and Julie Sussman",
%  title = "Structure and Interpretation of Computer Programs",
%  publisher = "MIT Press",
%  address = "Cambridge, Massachusetts",
%  year = "1985"
%}
%
%@inproceedings{ bgf:Lixto,
%  author = "Robert Baumgartner and Georg Gottlob and Sergio Flesca",
%  title = "Visual Information Extraction with {Lixto}",
%  booktitle = "Proceedings of the 27th International Conference on Very Large Databases",
%  pages = "119--128",
%  publisher = "Morgan Kaufmann",
%  address = "Rome, Italy",
%  month = "September",
%  year = "2001"
%}
%
%@article{ brachman-schmolze:kl-one,
%  author = "Ronald~J. Brachman and James~G. Schmolze",
%  title = "An overview of the {KL-ONE} knowledge representation system",
%  journal = "Cognitive Science",
%  volume = "9",
%  number = "2",
%  pages = "171--216",
%  month = "April--June",
%  year = "1985"
%}
%
%@article{ gottlob:nonmon,
%  author = "Georg Gottlob",
%  title = "Complexity results for nonmonotonic logics",
%  journal = "Journal of Logic and Computation",
%  volume = "2",
%  number = "3",
%  pages = "397--425",
%  month = "June",
%  year = "1992"
%}
%
%@article{ gls:hypertrees,
%  author = "Georg Gottlob and Nicola Leone and Francesco Scarcello",
%  title = "Hypertree Decompositions and Tractable Queries",
%  journal = "Journal of Computer and System Sciences",
%  volume = "64",
%  number = "3",
%  pages = "579--627",
%  month = "May",
%  year = "2002"
%}
%
%@article{ levesque:functional-foundations,
%  author = "Hector~J. Levesque",
%  title = "Foundations of a functional approach to knowledge representation",
%  journal = "Artificial Intelligence",
%  volume = "23",
%  number = "2",
%  pages = "155--212",
%  month = "July",
%  year = "1984"
%}
%
%@inproceedings{ levesque:belief,
%  author = "Hector~J. Levesque",
%  title = "A logic of implicit and explicit belief",
%  booktitle = "Proceedings of the Fourth National Conference on Artificial Intelligence",
%  publisher = "American Association for Artificial Intelligence",
%  pages = "198--202",
%  address = "Austin, Texas",
%  month = "August",
%  year = "1984"
%}
%
%@article{ nebel:jair-2000,
%  author = "Bernhard Nebel",
%  title = "On the compilability and expressive power of propositional planning formalisms",
%  journal = "Journal of Artificial Intelligence Research",
%  volume = "12",
%  pages = "271--315",
%  year = "2000"
%}
%
% @misc{proceedings,
%  author = {{IJCAI Proceedings}},
%  title = {{IJCAI} Camera Ready Submission},
%  howpublished = {\url{https://proceedings.ijcai.org/info}},
%  }

@article{he2016deep,
title={Deep Residual Learning for Image Recognition},
author={He, Kaiming and Zhang, Xiangyu and Ren, Shaoqing and Sun, Jian},
journal={computer vision and pattern recognition},
pages={770--778},
year={2016}}
    

@article{devlin2018bert:,
title={BERT: Pre-training of Deep Bidirectional Transformers for Language Understanding},
author={Devlin, Jacob and Chang, Mingwei and Lee, Kenton and Toutanova, Kristina},
journal={arXiv: Computation and Language},
year={2018}}
    
@article{vulimiri2015global,
title={Global analytics in the face of bandwidth and regulatory constraints},
author={Vulimiri, Ashish and Curino, Carlo and Godfrey, Brighten and Jungblut, Thomas and Padhye, Jitendra and Varghese, George},
pages={323--336},
year={2015}}
    

@article{patarasuk2009bandwidth,
title={Bandwidth optimal all-reduce algorithms for clusters of workstations},
author={Patarasuk, Pitch and Yuan, Xin},
journal={Journal of Parallel and Distributed Computing},
volume={69},
number={2},
pages={117--124},
year={2009}}
  
@article{baraglia2013a,
title={A peer-to-peer recommender system for self-emerging user communities based on gossip overlays},
author={Baraglia, Ranieri and Dazzi, Patrizio and Mordacchini, Matteo and Ricci, Laura},
journal={Journal of Computer and System Sciences},
volume={79},
number={2},
pages={291--308},
year={2013}}
@article{haas2002gossip-based,
title={Gossip-based ad hoc routing},
author={Haas, Zygmunt J and Halpern, Joseph Y and Li, Li},
journal={international conference on computer communications},
volume={3},
pages={1707--1716},
year={2002}}


@article{watcharapichat2016ako:,
title={Ako: Decentralised Deep Learning with Partial Gradient Exchange},
author={Watcharapichat, Pijika and Morales, Victoria Lopez and Fernandez, Raul and Pietzuch, Peter R},
pages={84--97},
year={2016}}

@article{li2015malt:,
title={MALT: distributed data-parallelism for existing ML applications},
author={Li, Hao and Kadav, Asim and Kruus, Erik and Ungureanu, Cristian},
pages={3},
year={2015}}
@article{agarwal2014a,
title={A reliable effective terascale linear learning system},
author={Agarwal, Alekh and Chapelle, Oliveier and Dudik, Miroslav and Langford, John},
journal={Journal of Machine Learning Research},
volume={15},
number={1},
pages={1111--1133},
year={2014}}

 @misc{allreduce,
  author = {Gibiansky, A.},
  title = {Bringing HPC Techniques to Deep Learning},
  howpublished = {\url{http://andrew.gibiansky.com/blog/machine-learning/baidu-allreduce/}},
  }


@article{moritz2016sparknet:,
title={SparkNet: Training Deep Networks in Spark},
author={Moritz, Philipp and Nishihara, Robert and Stoica, Ion and Jordan, Michael I},
journal={international conference on learning representations},
year={2016}}

@article{li2014scaling,
title={Scaling distributed machine learning with the parameter server},
author={Li, Mu and Andersen, David G and Park, Jun Woo and Smola, Alexander J and Ahmed, Amr and Josifovski, Vanja and Long, James and Shekita, Eugene J and Su, Boryiing},
journal = {OSDI'14 Proceedings of the 11th USENIX conference on Operating Systems Design and Implementation},
pages={583--598},
year={2014}}
    

@article{abadi2016tensorflow:,
title={TensorFlow: a system for large-scale machine learning},
author={Abadi, Martin and Barham, Paul and Chen, Jianmin and Chen, Zhifeng and Davis, Andy and Dean, Jeffrey and Devin, Matthieu and Ghemawat, Sanjay and Irving, Geoffrey and Isard, Michael and others},
journal={operating systems design and implementation},
pages={265--283},
year={2016}}
    
    
 @article{McMahan2017FL,
author = {McMahan, H. Brendan and Moore, Eider and Ramage, Daniel and Hampson, Seth and Arcas, Blaise Ag{\"{u}}era y},
journal = {Proceedings ofthe 20th International Conference on Artificial Intelligence and Statistics},
mendeley-groups = {Topics/real time video analysis,BIB/bib-distributed learning,BIB/bib-federal learning},
pages = {pp. 1273--1282},
title = {{Communication-Efficient Learning of Deep Networks from Decentralized Data}},
year = {2017}
}

 @misc{McMahan2017BLOG,
  author = {McMahan, H. B. and Ramage, D. Federated},
  title = {Federated learning: Collaborative machine learning with- out centralized training data},
  howpublished = {\url{URL https://ai.googleblog.com/2017/04/ federated-learning-collaborative.html}},
  }
  
  @article{konecny2015federated,
title={Federated Optimization: Distributed Optimization Beyond the Datacenter},
author={Konecny, Jakub and Mcmahan, H Brendan and Ramage, Daniel},
journal={arXiv: Learning},
year={2015}}
    
  
  @article{mcmahan2018learning,
title={Learning Differentially Private Recurrent Language Models},
author={Mcmahan, H Brendan and Ramage, Daniel and Talwar, Kunal and Zhang, Li},
journal={international conference on learning representations},
year={2018}}

@article{mlsys2019towards,
  title={Towards Federated Learning at Scale: System Design},
  author={Bonawitz, Keith and Eichner, Hubert and Grieskamp, Wolfgang and Huba, Dzmitry and Ingerman, Alex and Ivanov, Vladimir and Kiddon, Chloe and Konecny, Jakub and Mazzocchi, Stefano and McMahan, H Brendan and others},
  journal={arXiv preprint arXiv:1902.01046},
  year={2019}
}

@article{blot2016gossip,
title={Gossip training for deep learning.},
author={Blot, Michael and Picard, David and Cord, Matthieu and Thome, Nicolas},
journal={arXiv: Computer Vision and Pattern Recognition},
year={2016}}

@article{daily2018gossipgrad:,
title={GossipGraD: Scalable Deep Learning using Gossip Communication based Asynchronous Gradient Descent.},
author={Daily, Jeffrey A and Vishnu, Abhinav and Siegel, Charles and Warfel, Thomas and Amatya, Vinay C},
journal={arXiv: Distributed, Parallel, and Cluster Computing},
year={2018}}

@article{konevcny2016federated,
  title={Federated learning: Strategies for improving communication efficiency},
  author={Kone{\v{c}}n{\`y}, Jakub and McMahan, H Brendan and Yu, Felix X and Richt{\'a}rik, Peter and Suresh, Ananda Theertha and Bacon, Dave},
  journal={arXiv preprint arXiv:1610.05492},
  year={2016}
}

@article{patarasuk2009allreduce,
  title={Bandwidth optimal all-reduce algorithms for clusters of workstations},
  author={Patarasuk, Pitch and Yuan, Xin},
  journal={Journal of Parallel and Distributed Computing},
  volume={69},
  number={2},
  pages={117--124},
  year={2009},
  publisher={Elsevier}
}

